<?xml version="1.0" encoding="UTF-8"?><record xmlns="http://www.loc.gov/MARC21/slim" xmlns:cinclude="http://apache.org/cocoon/include/1.0" xmlns:zs="http://www.loc.gov/zing/srw/">
  <leader>00691nz  a2200169n  4500</leader>
  <controlfield tag="001">no 97070992 </controlfield>
  <controlfield tag="003">DLC</controlfield>
  <controlfield tag="005">19971210053913.5</controlfield>
  <controlfield tag="008">971209n| acannaab|          |a ana     c</controlfield>
  <datafield tag="010" ind1=" " ind2=" ">
    <subfield code="a">no 97070992 </subfield>
  </datafield>
  <datafield tag="035" ind1=" " ind2=" ">
    <subfield code="a">(OCoLC)oca04549251 </subfield>
  </datafield>
  <datafield tag="040" ind1=" " ind2=" ">
    <subfield code="a">WaU</subfield>
    <subfield code="c">WaU</subfield>
  </datafield>
  <datafield tag="110" ind1="2" ind2="0">
    <subfield code="a">National Association of Juvenile Correctional Agencies</subfield>
  </datafield>
  <datafield tag="410" ind1="2" ind2="0">
    <subfield code="a">NAJCA</subfield>
  </datafield>
  <datafield tag="510" ind1="2" ind2="0">
    <subfield code="w">a</subfield>
    <subfield code="a">National Association of Training Schools and Juvenile Agencies</subfield>
  </datafield>
  <datafield tag="670" ind1=" " ind2=" ">
    <subfield code="a">OCLC 12/8/97</subfield>
    <subfield code="b">(hdg.: National Association of Juvenile Correctional Agencies; usage: National Association of Juvenile Correctional Agencies; NAJCA)</subfield>
  </datafield>
  <datafield tag="675" ind1=" " ind2=" ">
    <subfield code="a">The proceedings of the National Association of Training Schools and Juvenile Agencies, 1954: t.p.</subfield>
  </datafield>
</record>